<record><leader>00000cas a2200000 a 4500</leader><controlfield tag="001">12169695</controlfield><controlfield tag="008">850618d186u187uksuwr ne      0    0eng d</controlfield><datafield ind1=" " ind2=" " tag="010"><subfield code="a">sn 85031529 </subfield></datafield><datafield ind1=" " ind2=" " tag="040"><subfield code="a">KSH</subfield><subfield code="b">eng</subfield><subfield code="c">KSH</subfield><subfield code="d">NPT</subfield><subfield code="d">OCL</subfield><subfield code="d">OCLCQ</subfield></datafield><datafield ind1=" " ind2=" " tag="042"><subfield code="a">msc</subfield></datafield><datafield ind1="0" ind2=" " tag="130"><subfield code="a">Oswego register (Oswego, Kan. : 1869)</subfield></datafield><datafield ind1="1" ind2="4" tag="245"><subfield code="a">The Oswego register.</subfield></datafield><datafield ind1=" " ind2=" " tag="260"><subfield code="a">Oswego, Kan. :</subfield><subfield code="b">E.R. Trask</subfield></datafield><datafield ind1=" " ind2=" " tag="300"><subfield code="a">v. ;</subfield><subfield code="c">59-68 cm.</subfield></datafield><datafield ind1=" " ind2=" " tag="310"><subfield code="a">Weekly</subfield></datafield><datafield ind1=" " ind2=" " tag="500"><subfield code="a">Published by: C.C. Clover, F.B. M'Gill &lt;July 8&gt;-Dec. 30, 1870; C.C. Clover, Jan. 6-&lt;June 30, 1871&gt;; Oswego Pub. Co., Aug. 19, 1871-</subfield></datafield><datafield ind1=" " ind2=" " tag="588"><subfield code="a">Description based on: Vol. 2, no. 3 (July 30, 1869).</subfield></datafield><datafield ind1=" " ind2=" " tag="752"><subfield code="a">United States</subfield><subfield code="b">Kansas</subfield><subfield code="c">Labette</subfield><subfield code="d">Oswego.</subfield></datafield><datafield ind1="0" ind2="0" tag="785"><subfield code="t">Oswego weekly register</subfield><subfield code="w">(DLC)sn 84027656</subfield></datafield></record>